
% --------------------------------- %
% Journal Articles                  %
% --------------------------------- %

@Article{Aiken_etal:2016,
  author =       "Mary Aiken and Ciaran McMahon and Ciaran Haughton and Laura O'Neil and Edward O'Carroll",
  title =        "A consideration of the social impact of cybercrime: Examples from hacking, piracy, and child abuse material online",
  journal =      "Contemporary Social Science",
  volume =       "11",
  year =         "2016",
  number = 	     "4",
  pages =        "373-391",
  note =         ""
}

% ----------------%
% Book Chapters   %
% --------------- %

@incollection{Lizier:2014Chapter,
  author      = "Joseph T. Lizier",
  title       = "Measuring the Dynamics of Information Processing on a Local Scale in Time and Space",
  editor      = "M. Wibral and R. Vicente and J. Lizier",
  booktitle   = "Directed Information Measures in Neuroscience: Understanding Complex Systems",
  publisher   = "Springer",
  address     = "Berlin, Heidelberg",
  year        = 2014,
  pages       = "161-193",
  chapter     = "",
}

% ----------------%
% Books           %
% --------------- %

@Book{Bertot_Casteran:2004,
  author =       "Yves Bertot and Pierre Castéran",
  title =        "Interactive Theorem Proving and Program Development: Coq'Art: The Calculus of Inductive Constructions",
  publisher =    "Springer",
  year =         "2004",
  address =      "Berlin, Germany",
  edition =      "",
  editor = 	 "",
  volume = 	 "",
  number = 	 "",
  series = 	 "Texts in Theoretical Computer Science",
  month = 	 "",
  note = 	 "",
}

@book{Cormen_Algorithms:2009,
Author = {Cormen, Thomas H. and Leiserson, Charles E. and Rivest, Ronald L. and Stein, Clifford},
ISBN = {9780262033848},
Publisher = {MIT Press},
Series = {The MIT Press Ser},
Title = {Introduction to Algorithms.},
Year = {2009},
}

% Software and other, misc

@book{MATLAB:2019,
year = {2019},
author = {MATLAB},
title = {version 9.6.0 (R2019a)},
publisher = {The MathWorks Inc.},
address = {Natick, Massachusetts}
}

@misc{ wikipedia_chromaticity,
    author = "{Wikipedia contributors}",
    title = "CIE 1931 color space --- {Wikipedia}{,} The Free Encyclopedia",
    year = "2019",
    howpublished = "\url{https://en.wikipedia.org/w/index.php?title=CIE_1931_color_space&oldid=927397383}",
    note = "[Online; accessed 24-November-2019]"
  }

@MISC {Caniglia_stackoverflow:,
    TITLE = {Is log(n!) equivalent to n log n? (Big O notation)},
    AUTHOR = {Leandro Caniglia (https://stackoverflow.com/users/4081336/leandro-caniglia)},
    howpublished = "\url{https://stackoverflow.com/questions/52519329/is-logn-equivalent-to-nlogn-big-o-notation?}",
    note = "[Online; accessed 25-August-2020]"
}

% --------------------------------- %
% Online Lecture Notes              %
% --------------------------------- %

@misc{ Williams_LectureNotes_PDE:nd,
    author = "Lance Williams",
    title = "Numerical Solution of PDEs",
    year = "",
    howpublished = "\url{https://www.cs.unm.edu/~williams/cs530/diffusion8.pdf}",
    note = "[Online lecture notes; accessed 1 December 2019]"
}
  
@misc{ Williams_LectureNotes_PCA:nd,
    author = "Lance Williams",
    title = "Principle Component Analysis",
    year = "",
    howpublished = "\url{https://www.cs.unm.edu/~williams/cs530/kl3.pdf}",
    note = "[Online lecture notes; accessed 1 December 2019]"
}

% --------------------------------- %
% Online Class Notes                %
% --------------------------------- %

@misc{ Johnson_Prob_Soln:2015,
    author = "Rob Johnson",
    title = "Problem Set 2 CSE 373 Fall 2015",
    year = "2015",
    howpublished = "\url{https://www3.cs.stonybrook.edu/~rob/teaching/cse373-fa15/sol2.pdf}",
    note = "[Online class notes; accessed 26 August 2020]"
}

@misc{ Salavatipour:nd_Viterbi,
    author = "Mohammad R. Salavatipour",
    title = "Tutorial notes for the Viterbi Algorithm problem",
    year = "n.d.",
    howpublished = "\url{https://webdocs.cs.ualberta.ca/~mreza/courses/CSC364/tut-notes/tut3.pdf}",
    note = "[Accessed 5 October 2020]"
}

% --------------------------------- %
% Newspaper and Magazine Articles   %
% using DAY MO inside the month tag %
% and "Last accessed … URL” text in %
% the note tag                      %
% --------------------------------- %

@article{Lieberman:2019,
    author={Hallie Lieberman},
    year={2019}, month={4 Mar},
    title={Why laws to fight sex trafficking often backfire: Rooted in racial panic, they seek to solve the wrong problem}, url={https://www.washingtonpost.com/outlook/2019/03/04/why-laws-fight-sex-trafficking-often-backfire},
    journal={The Washington Post},
    publisher={Nash Holdings, LLC},
    note = {Last accessed 13 Apr 2019 at \url{https://www.washingtonpost.com/outlook/2019/03/04/why-laws-fight-sex-trafficking-often-backfire}}
}

% ----------------------- %
% COURT CASES             %
% ----------------------- %

@misc{NMvSaavedra:2019,
    year={2019}, month={13 Mar},
    title={{State of New Mexico vs. Joshua Saavedra}},
    note = {Last accessed 27 Mar 2019 at \url{https://caselookup.nmcourts.gov/caselookup/app}}
}

% ----------------------- %
% INFORMATIONAL WEB PAGE  %
% ----------------------- %

@online{ratio_test_for_sequences,
  title = {The ratio test for sequence convergence},
  url = {http://mathonline.wikidot.com/the-ratio-test-for-sequence-convergence},
  urldate = {2020-08-30}
  }

% ----------------------- %
% ORGANIZATIONAL WEBSITES %
% ----------------------- %

@misc{ COQ:website,
    author = {{The Coq Proof Assistant}},
    year = {n.d.},
    title = {},
    note = {Last accessed on 7/24/19 at \url{https://coq.inria.fr/}}
}

